<record><leader>00000cas a22000007a 4500</leader><controlfield tag="001">10115652</controlfield><controlfield tag="008">831110d18701922nyuwr ne      0    0eng d</controlfield><datafield ind1=" " ind2=" " tag="010"><subfield code="a">sn 83032001 </subfield></datafield><datafield ind1=" " ind2=" " tag="040"><subfield code="a">NPU</subfield><subfield code="b">eng</subfield><subfield code="c">NPU</subfield><subfield code="d">NPX</subfield><subfield code="d">UNP</subfield><subfield code="d">NYS</subfield><subfield code="d">OCLCQ</subfield></datafield><datafield ind1=" " ind2=" " tag="042"><subfield code="a">msc</subfield></datafield><datafield ind1="0" ind2="4" tag="245"><subfield code="a">The Journal and herald.</subfield></datafield><datafield ind1="3" ind2="0" tag="246"><subfield code="a">Journal &amp; herald</subfield></datafield><datafield ind1=" " ind2=" " tag="260"><subfield code="a">Springville, N.Y. :</subfield><subfield code="b">Blakeley &amp; Melvin</subfield></datafield><datafield ind1=" " ind2=" " tag="300"><subfield code="a">v. ;</subfield><subfield code="c">66 cm.</subfield></datafield><datafield ind1=" " ind2=" " tag="310"><subfield code="a">Weekly</subfield></datafield><datafield ind1="0" ind2=" " tag="362"><subfield code="a">Vol. 18, no. 52 (Dec. 31, 1870)-v. 55, no. 24 (June 15, 1922).</subfield></datafield><datafield ind1=" " ind2=" " tag="500"><subfield code="a">Published as: Journal &amp; herald, &lt;1876&gt;; &lt;1894&gt;.</subfield></datafield><datafield ind1=" " ind2=" " tag="500"><subfield code="a">Publishers: W.W. Blakeley &amp; John H. Melvin, 1870-&lt;1873&gt;; W.W. Blakeley, &lt;1876&gt;; Will C. Lowe, &lt;1894&gt;; W.W. Blakely, &lt;1899&gt;.</subfield></datafield><datafield ind1=" " ind2=" " tag="500"><subfield code="a">Editor: W.W. Blakeley, &lt;1876&gt;.</subfield></datafield><datafield ind1=" " ind2=" " tag="500"><subfield code="a">"Republican," &lt;1876&gt;.</subfield></datafield><datafield ind1=" " ind2="4" tag="651"><subfield code="a">Springville (N.Y.)</subfield><subfield code="v">Newspapers.</subfield></datafield><datafield ind1=" " ind2="4" tag="651"><subfield code="a">Erie County (N.Y.)</subfield><subfield code="v">Newspapers.</subfield></datafield><datafield ind1=" " ind2=" " tag="752"><subfield code="a">United States</subfield><subfield code="b">New York</subfield><subfield code="c">Erie</subfield><subfield code="d">Springville.</subfield></datafield><datafield ind1="0" ind2="0" tag="780"><subfield code="t">Springville journal and herald</subfield><subfield code="w">(DLC)sn 88074860</subfield><subfield code="w">(OCoLC)18729393</subfield></datafield><datafield ind1="0" ind2="0" tag="785"><subfield code="t">Springville journal (Springville, N.Y. : 1922)</subfield><subfield code="w">(DLC)sn 92061729</subfield><subfield code="w">(OCoLC)25182136</subfield></datafield><datafield ind1="1" ind2=" " tag="029"><subfield code="a">AU@</subfield><subfield code="b">000020413852</subfield></datafield></record>